@article{bendich2011improving,
  title={Improving homology estimates with random walks},
  author={Bendich, Paul and Galkovskyi, Taras and Harer, John},
  journal={Inverse Problems},
  volume={27},
  number={12},
  pages={124002},
  year={2011},
  publisher={IOP Publishing}
}

